<collection xmlns="http://www.loc.gov/MARC21/slim">
<record>
  <leader>01186nam0a22002051i 450 </leader>
  <controlfield tag="001">IT\ICCU\CNCE\071084</controlfield>
  <controlfield tag="005">20080321000000.0</controlfield>
  <datafield tag="012" ind1=" " ind2=" ">
    <subfield code="a">e.a, o,o- *.so La** (C) 1545 (Q)</subfield>
    <subfield code="2">fei</subfield>
  </datafield>
  <datafield tag="100" ind1=" " ind2=" ">
    <subfield code="a">20070618f1545        0itac0103    ba</subfield>
  </datafield>
  <datafield tag="101" ind1=" " ind2=" ">
    <subfield code="a">ITA</subfield>
  </datafield>
  <datafield tag="102" ind1=" " ind2=" ">
    <subfield code="a">IT</subfield>
  </datafield>
  <datafield tag="200" ind1="1" ind2=" ">
    <subfield code="a">Libro di m. Giouanbattista Palatino cittadino romano, nel qual s&apos;insegna  ̉scriuere ogni sorte lettera, antica, et moderna, di qualunque natione, con le sue regole, et misure, et essempi: et con vn breue, et vtil discorso de le cifre: riueduto nuouamente, &amp; corretto dal proprio autore. Con la giunta di quindici tauole bellissime</subfield>
  </datafield>
  <datafield tag="210" ind1=" " ind2=" ">
    <subfield code="d">\1545?!</subfield>
  </datafield>
  <datafield tag="215" ind1=" " ind2=" ">
    <subfield code="a">\52! c.</subfield>
    <subfield code="c">ill.</subfield>
    <subfield code="d">4ʻ</subfield>
  </datafield>
  <datafield tag="300" ind1=" " ind2=" ">
    <subfield code="a">La data presunta si ricava dal materiale tipografico cfr.: E. Casamassima, Trattati di scrittura del Cinquecento italiano. Milano, Ed. Il Polifilo, 1966.ANNULLATA. SI TRATTA DEL CNCE 66662. RA05 MUTILO DELLE ULTIME 12 C</subfield>
  </datafield>
  <datafield tag="700" ind1=" " ind2="1">
    <subfield code="a">Palatino,</subfield>
    <subfield code="b">Giovanni Battista</subfield>
    <subfield code="3">IT\ICCU\CNCA\006939</subfield>
  </datafield>
  <datafield tag="712" ind1="0" ind2="2">
    <subfield code="a">s.n.</subfield>
    <subfield code="3">IT\ICCU\CNCT\000002</subfield>
    <subfield code="4">650</subfield>
  </datafield>
  <datafield tag="790" ind1=" " ind2="1">
    <subfield code="a">Palatino,</subfield>
    <subfield code="b">Giovanbattista</subfield>
    <subfield code="3">IT\ICCU\CNCA\023315</subfield>
    <subfield code="z">Palatino, Giovanni Battista</subfield>
  </datafield>
  <datafield tag="801" ind1=" " ind2="3">
    <subfield code="a">IT</subfield>
    <subfield code="b">ICCU</subfield>
    <subfield code="c">20201115</subfield>
  </datafield>
  <datafield tag="899" ind1=" " ind2=" ">
    <subfield code="a">Biblioteca comunale Manfrediana. Faenza</subfield>
    <subfield code="1">RA0016</subfield>
    <subfield code="2">RAV FA</subfield>
  </datafield>
</record>
</collection>
